
@INPROCEEDINGS{satohfgh,
    author = {Mireille Fouquet and Pierrick Gaudry and Robert Harley},
    title = {Finding Secure Curves with the Satoh-FGH Algorithm and an Early-Abort Strategy},
    booktitle = {in B. P (ed), Advances in Cryptology - EUROCRYPT 2001, Lecture Notes in Computer Science 2045},
    year = {2001},
    pages = {14--29},
    publisher = {Springer-Verlag}
}

@inproceedings{717152,
 author = {Gaudry, Pierrick},
 title = {A Comparison and a Combination of SST and AGM Algorithms for Counting Points of Elliptic Curves in Characteristic 2},
 booktitle = {ASIACRYPT '02: Proceedings of the 8th International Conference on the Theory and Application of Cryptology and Information Security},
 year = {2002},
 isbn = {3-540-00171-9},
 pages = {311--327},
 publisher = {Springer-Verlag},
 address = {London, UK},
 }

@misc{handbook,
    author = {Henri Cohen and Gerhard Frey},
    title = {3. Handbook of Elliptic and Hyperelliptic Curve Cryptography Edited by H. Cohen},
    year = {2006},
    publisher = {Chapman and Hall/CRC}
}

@article{Satoh200389,
title = "Fast computation of canonical lifts of elliptic curves and its application to point counting",
journal = "Finite Fields and Their Applications",
volume = "9",
number = "1",
pages = "89 - 101",
year = "2003",
note = "",
issn = "1071-5797",
doi = "DOI: 10.1016/S1071-5797(02)00013-8",
url = "http://www.sciencedirect.com/science/article/B6WFM-47HJXVK-4/2/9b79ddedbb7cfdfc7ba6190870732b90",
author = "Takakazu Satoh and Berit Skjernaa and Yuichiro Taguchi",
keywords = "Elliptic curves",
keywords = "Canonical lifts",
keywords = "Frobenius substitutions"
}

@article{fixed,
	location = {http://www.scientificcommons.org/47232937},
	title = {The Security of Fixed versus Random Elliptic Curves in Cryptography},
	author = {Carter, Gary and Dawson, Edward and Hitchcock, Yvonne and Montague, Paul},
	year = {2003},
	publisher = {Springer-Verlag},
	url = {http://eprints.qut.edu.au/24627/},
	institution = {QUT | ePrints Archive [http://eprints.qut.edu.au/perl/oai2] (Australia)},
}

@misc{buchmann,
    author = {Harald Baier and Johannes Buchmann},
    title = {Generation Methods of Elliptic Curves},
    year = {2002}
}
